%% This BibTeX bibliography file was created using BibDesk.
%% http://bibdesk.sourceforge.net/

%% Saved with string encoding Unicode (UTF-8) 

@ONLINE{c1,
  author = {Tim Fisher},
  journal = {Lifewire},
  title = {What Was Flash and What Happened to It?},
  year = {2017},
  url = {https://www.lifewire.com/what-happened-to-flash-2617986},
  urldate = {2022-04-23}
}

@ONLINE{c2,
  author = {w3schools},
  journal = {w3schools},
  title = {What is HTML?},
  url = {https://www.w3schools.com/whatis/whatis_html.asp},
  year = {1999},
  urldate = {2022-04-12}
}

@ONLINE{c3,
  author = {w3schools},
  journal = {w3schools},
  title = {CSS introduction},
  url = {https://www.w3schools.com/css/css_intro.asp},
  year = {1999},
  urldate = {2022-04-12}
}

@ONLINE{c4,
  author = {developer-mozilla},
  journal = {MDN Web Docs},
  title = {What is JavaScrypt?},
  url = {https://developer.mozilla.org/en-US/docs/Learn/JavaScript/First_steps/What_is_JavaScript},
  year = {1998},
  urldate = {2022-04-12}
}

@ONLINE{c5,
  author = {Wout Fierens},
  journal = {svgjs.dev},
  title = {SVG.js v3.0},
  url = {https://svgjs.dev/docs/3.0/#svg-js},
  year = {2012},
  urldate = {2022-04-12}
}

@ONLINE{c6,
  author = {Julian Garnier},
  journal = {anime.js},
  title = {anime.js documentation},
  url = {https://animejs.com/},
  year = {2016},
  urldate = {2022-04-12}
}

@ONLINE{c7,
  author = {GSAP},
  journal = {GSAP},
  title = {GSAP - GreenSock},
  year = {2020},
  url = {https://greensock.com/gsap/},
  urldate = {2022-04-12}
}

@ONLINE{c8,
  author = {JQuerry},
  journal = {Tutorials Point},
  title = {JQuerry tutorial},
  url = {https://www.tutorialspoint.com/jquery/},
  year = {2022},
  urldate = {2022-04-12}
}

@ONLINE{c9,
  publisher = {Microsoft},
  journal = {VisualStudioCode},
  title = {Getting Started - Visual Studio Code},
  url = {https://code.visualstudio.com/docs},
  year = {2022},
  urldate = {2022-04-13}  
}

@ONLINE{c10,
  author = {Techopedia},
  journal = {Janalta Interactive},
  title = {What is Secure File Transfer Protocol?},
  year = {2018},
  url = {https://www.techopedia.com/definition/1879/secure-file-transfer-protocol-sftp},
  urldate = {2022-04-13}  
}

@ONLINE{c11,
  author = {Winscp.net},
  journal = {Winscp},
  title = {Introducing WinSCP},
  url = {https://winscp.net/eng/docs/introduction},
  year = {2000},
  urldate = {2022-04-13}
 }
 
@ONLINE{c12,
  author = {Cheng QIAN},
  journal = {ResearchGate},
  title = {Application spectrum for IGBTs},
  url = {https://www.researchgate.net/figure/Application-spectrum-for-IGBTs-10_fig1_322515037},
  year = {2018},
  urldate = {2022-04-20}
 }
 
@ARTICLE{c13,
  author = {Michal Šušoliak},
  journal = {FEI},
  language = {Slovak},
  month = may,
  number = 3,
  pages = {3-4},
  title = {Portfolio Selection},
  volume = 1,
  year = 2012,
  title = {Vývoj Vzdelávacieho Modulu "IGBT"},
  publisher = {Faculty of Electrical Engineering and Information Technology},
  urldate = {2022-04-23}
 }
 
@ONLINE{c14,
  author = {Vedatechnika},
  journal = {Centrálny informačný portál},
  title = {Popularizácia vedy a techniky},
  url = {https://www.vedatechnika.sk/SK/VedaASpolocnost/PopularizaciaVaT/Stranky/default.aspx},
  year = {2008},
  urldate = {2022-04-23}
 }
 
@BOOK{c15,
  editor = {Edgar Dale},
  title = {Audio-Visual Methods in Teaching},
  publisher = {New York : Holt, Rinehart \& Winston, 3rd edition},
  year = {1954},
  urldate = {2022-04-30}
 }
 
@ONLINE{c16,
  author = {Paul Bakaus},
  journal = {paulbakaus.com},
  title = {The illusion of Motion},
  url = {https://paulbakaus.com/tutorials/performance/the-illusion-of-motion/},
  year = {2014},
  urldate = {2022-04-30}
 }
 
@ONLINE{c17,
  author = {Fernando Krahn},
  journal = {crowquillstudio},
  title = {Phenakistoscopes (1832)},
  url = {http://www.crowquillstudio.com/wordpress/2011/phenakistoscopes},
  year = {2011},
  urldate = {2022-04-30}
 }
 
@ONLINE{c18,
  author = {Techopedia},
  journal = {Janalta Interactive},
  title = {What is Raster Graphics?},
  url = {https://www.techopedia.com/definition/9098/raster-graphics},
  year = {2020},
  urldate = {2022-04-30}
 }
 
@ONLINE{c19,
  author = {Ben Luktevich},
  journal = {techtarget},
  title = {What are Vector Graphics?},
  url = {https://whatis.techtarget.com/definition/vector-graphics},
  year = {2021},
  urldate = {2022-04-30}
 }
 
@ONLINE{c20,
  author = {Kevin Lerner},
  journal = {presentationteam.com},
  title = {Working with Bitmap and Vector Graphics},
  url = {https://presentationteam.com/bitmap-and-vector-graphics-in-presentations/},
  year = {2013},
  urldate = {2022-04-30}
}

@ONLINE{c21,
  editor = {VectorInk},
  title = {Create Illustrations, Logos, and More with Vector Ink},
  publisher = {YouTube},
  url = {https://www.youtube.com/watch?v=_RN4znuLSQ0&ab_channel=VectorInk},
  year = {2021},
  urldate = {2022-04-30}
 }
 
 @ONLINE{c22,
  author = {Electronics-Tutorials},
  journal = {AspenCore},
  title = {Insulated Gate Bipolar Transistor},
  url = {https://www.electronics-tutorials.ws/power/insulated-gate-bipolar-transistor.html},
  year = {2021},
  urldate = {2022-05-07}
}

 @ONLINE{c23,
  author = {ResearchGate},
  journal = {ResearchGate GmbH},
  title = {Application Spectrum for IGBT},
  url = {https://www.researchgate.net/figure/Application-spectrum-for-IGBTs-10_fig1_322515037},
  year = {2018},
  urldate = {2022-05-07}
}

@BOOK{c24,
  author = {Cyril BUTTAY}, 
  year = {2006},
  title = {Own work, loosely based on model in "Power semiconductor devices"},
  publisher = {B. J. Baliga},
  isbn = {0-534-94098-6},
  urldate = {2022-05-07}
}

@BOOK{c25,
  author = {R. PERRET}, 
  year = {2009},
  title = {Power Electronics Semiconductor Devices},
  publisher = {ISTE Ltd.},
  isbn = {978-1-84821-064-6},
  urldate = {2022-05-07}
}

@ONLINE{c26,
  author = {TechTarget Contributor},
  journal = {TechTarget},
  title = {What is progressive web app (PWA)?},
  url = {https://whatis.techtarget.com/definition/progressive-web-app-PWA},
  year = {1999},
  urldate = {2022-05-14}
}

@ONLINE{c27,
  author = {Plotly},
  title = {Plotly JavaScript Open Source Graphing Library},
  url = {https://plotly.com/javascript/},
  year = {2022},
  urldate = {2022-05-14}
}

@ONLINE{c28,
  author = {Plex.infineon},
  journal = {Infineon},
  title = {Discrete IGBT simulator},
  url = {https://plex.infineon.com/plexim/igbtboost.html?_ga=2.256768392.269492028.1651683931-1325048407.1641748024},
  year = {1999},
  urldate = {2022-05-14}
}

@ONLINE{c29,
  author = {RSL Lecture Series},
  publisher = {YouTube},
  title = {Learn IGBT with animations easily within 10 mins},
  url = {https://www.youtube.com/watch?v=Bf7gzzykMcs&ab_channel=RSLLectureSeries},
  year = {2020},
  urldate = {2022-05-14}
}

@ONLINE{c30,
  author = {ANDRES SK},
  journal = {stackoverflow},
  title = {progressive web apps - Lighthouse},
  url = {https://stackoverflow.com/questions/66268076/lighthouse-pwa-audit-returns-a-start-url-does-not-respond-with-a-200-when-offli},
  year = {2021},
  urldate = {2022-05-14}
}